@article{radford2015unsupervised,
  title={Unsupervised representation learning with deep convolutional generative adversarial networks},
  author={Radford, Alec and Metz, Luke and Chintala, Soumith},
  journal={arXiv preprint arXiv:1511.06434},
  year={2015}
}

@article{koh2017understanding,
  title={Understanding black-box predictions via influence functions},
  author={Koh, Pang Wei and Liang, Percy},
  journal={arXiv preprint arXiv:1703.04730},
  year={2017}
}
